<record><leader>01397cam a2200397 a 4500</leader><controlfield tag="001">6804857</controlfield><controlfield tag="003">OCoLC</controlfield><controlfield tag="005">20150325090540.0</controlfield><controlfield tag="008">140724s2015    pauab    b    001 0 eng c</controlfield><datafield ind1=" " ind2=" " tag="010"><subfield code="a">  2014029618</subfield></datafield><datafield ind1=" " ind2=" " tag="020"><subfield code="a">9780812223125</subfield></datafield><datafield ind1=" " ind2=" " tag="020"><subfield code="a">0812223128</subfield></datafield><datafield ind1=" " ind2=" " tag="035"><subfield code="a">ocn885313462</subfield></datafield><datafield ind1=" " ind2=" " tag="039"><subfield code="a">exclude</subfield></datafield><datafield ind1=" " ind2=" " tag="040"><subfield code="a">PU/DLC</subfield><subfield code="b">eng</subfield><subfield code="c">PAU</subfield><subfield code="d">DLC</subfield><subfield code="d">STF</subfield><subfield code="d">YDXCP</subfield><subfield code="d">WNE</subfield><subfield code="d">CDX</subfield><subfield code="d">AEU</subfield></datafield><datafield ind1=" " ind2=" " tag="042"><subfield code="a">pcc</subfield></datafield><datafield ind1=" " ind2=" " tag="043"><subfield code="a">a-cc---</subfield></datafield><datafield ind1="0" ind2="0" tag="050"><subfield code="a">DS779.4</subfield><subfield code="b">.C465 2015</subfield></datafield><datafield ind1="0" ind2="0" tag="082"><subfield code="a">320.60951</subfield><subfield code="2">23</subfield></datafield><datafield ind1=" " ind2=" " tag="090"><subfield code="a">DS779.4 .C465 2015</subfield><subfield code="b">AEGMCT</subfield></datafield><datafield ind1="0" ind2="0" tag="245"><subfield code="a">China's challenges /</subfield><subfield code="c">edited by Jacques deLisle and Avery Goldstein.</subfield></datafield><datafield ind1=" " ind2=" " tag="260"><subfield code="a">Philadelphia :</subfield><subfield code="b">University of Pennsylvania Press,</subfield><subfield code="c">c2015.</subfield></datafield><datafield ind1=" " ind2=" " tag="300"><subfield code="a">vi, 317 p. :</subfield><subfield code="b">ill., maps ;</subfield><subfield code="c">23 cm</subfield></datafield><datafield ind1=" " ind2=" " tag="336"><subfield code="a">text</subfield><subfield code="b">txt</subfield><subfield code="2">rdacontent</subfield></datafield><datafield ind1=" " ind2=" " tag="337"><subfield code="a">unmediated</subfield><subfield code="b">n</subfield><subfield code="2">rdamedia</subfield></datafield><datafield ind1=" " ind2=" " tag="338"><subfield code="a">volume</subfield><subfield code="b">nc</subfield><subfield code="2">rdacarrier</subfield></datafield><datafield ind1=" " ind2=" " tag="504"><subfield code="a">Includes bibliographical references and index.</subfield></datafield><datafield ind1=" " ind2=" " tag="596"><subfield code="a">29</subfield></datafield><datafield ind1=" " ind2="0" tag="651"><subfield code="a">China</subfield><subfield code="x">History</subfield><subfield code="y">21st century.</subfield></datafield><datafield ind1=" " ind2="0" tag="651"><subfield code="a">China</subfield><subfield code="x">Politics and government</subfield><subfield code="y">21st century.</subfield></datafield><datafield ind1=" " ind2="0" tag="651"><subfield code="a">China</subfield><subfield code="x">Social conditions</subfield><subfield code="y">2000-</subfield></datafield><datafield ind1=" " ind2="0" tag="651"><subfield code="a">China</subfield><subfield code="x">Economic conditions</subfield><subfield code="y">2000-</subfield></datafield><datafield ind1="1" ind2=" " tag="700"><subfield code="a">deLisle, Jacques.</subfield></datafield><datafield ind1="1" ind2=" " tag="700"><subfield code="a">Goldstein, Avery.</subfield></datafield><datafield ind1=" " ind2=" " tag="949"><subfield code="a">DS779.4 .C465 2015</subfield><subfield code="h">GMCT-OS-B</subfield><subfield code="i">1007407925</subfield><subfield code="p">42.45</subfield><subfield code="k">AVAIL_SOON</subfield></datafield><datafield ind1=" " ind2=" " tag="926"><subfield code="a">DS779.4 .C465 2015</subfield><subfield code="w">LC</subfield><subfield code="c">1</subfield><subfield code="i">1007407925</subfield><subfield code="d">1/31/2017</subfield><subfield code="e">4/21/2015</subfield><subfield code="l">ON_SHELF</subfield><subfield code="m">GR_MACEWAN</subfield><subfield code="n">1</subfield><subfield code="p">$42.45</subfield><subfield code="q">1</subfield><subfield code="r">Y</subfield><subfield code="s">Y</subfield><subfield code="t">BOOK</subfield><subfield code="u">3/31/2015</subfield></datafield></record>